<record><leader>01606cam a2200421 i 45 0</leader><controlfield tag="001">6849503</controlfield><controlfield tag="003">OCoLC</controlfield><controlfield tag="005">20150410161328.0</controlfield><controlfield tag="008">141023t20152015nyua          001 0 eng  </controlfield><datafield ind1=" " ind2=" " tag="010"><subfield code="a">  2014040872</subfield></datafield><datafield ind1=" " ind2=" " tag="020"><subfield code="a">9780814436332 (pbk.)</subfield></datafield><datafield ind1=" " ind2=" " tag="020"><subfield code="a">0814436331 (pbk.)</subfield></datafield><datafield ind1=" " ind2=" " tag="020"><subfield code="z">9780814436349 (ebook)</subfield></datafield><datafield ind1=" " ind2=" " tag="020"><subfield code="z">081443634X (ebook)</subfield></datafield><datafield ind1=" " ind2=" " tag="035"><subfield code="a">ocn893784263</subfield></datafield><datafield ind1=" " ind2=" " tag="040"><subfield code="a">DLC</subfield><subfield code="b">eng</subfield><subfield code="e">rda</subfield><subfield code="c">DLC</subfield><subfield code="d">OCLCO</subfield><subfield code="d">YDXCP</subfield><subfield code="d">BTCTA</subfield><subfield code="d">OCLCF</subfield><subfield code="d">OSU</subfield><subfield code="d">CDX</subfield><subfield code="d">AFMK</subfield></datafield><datafield ind1=" " ind2=" " tag="042"><subfield code="a">pcc</subfield></datafield><datafield ind1="0" ind2="0" tag="050"><subfield code="a">HD66</subfield><subfield code="b">.M544 2015</subfield></datafield><datafield ind1="0" ind2="0" tag="082"><subfield code="a">658.4/022</subfield><subfield code="2">23</subfield></datafield><datafield ind1=" " ind2=" " tag="090"><subfield code="a">HD 66 M544 2015</subfield><subfield code="b">AFMK</subfield></datafield><datafield ind1="1" ind2=" " tag="100"><subfield code="a">Miller, Brian Cole,</subfield><subfield code="d">1956-</subfield></datafield><datafield ind1="1" ind2="0" tag="245"><subfield code="a">Quick team-building activities for busy managers :</subfield><subfield code="b">50 exercises that get results in just 15 minutes /</subfield><subfield code="c">Brian Cole Miller.</subfield></datafield><datafield ind1=" " ind2=" " tag="250"><subfield code="a">Second edition.</subfield></datafield><datafield ind1=" " ind2="1" tag="264"><subfield code="a">New York :</subfield><subfield code="b">American Management Association,</subfield><subfield code="c">2015.</subfield></datafield><datafield ind1=" " ind2="4" tag="264"><subfield code="c">&#169;2015</subfield></datafield><datafield ind1=" " ind2=" " tag="300"><subfield code="a">x, 187 pages :</subfield><subfield code="b">illustrations ;</subfield><subfield code="c">23 cm</subfield></datafield><datafield ind1=" " ind2=" " tag="336"><subfield code="a">text</subfield><subfield code="2">rdacontent</subfield></datafield><datafield ind1=" " ind2=" " tag="337"><subfield code="a">unmediated</subfield><subfield code="2">rdamedia</subfield></datafield><datafield ind1=" " ind2=" " tag="338"><subfield code="a">volume</subfield><subfield code="2">rdacarrier</subfield></datafield><datafield ind1=" " ind2=" " tag="500"><subfield code="a">Revised edition of the author's Quick team-building activities for busy managers, published in 2004.</subfield></datafield><datafield ind1=" " ind2=" " tag="500"><subfield code="a">Includes index.</subfield></datafield><datafield ind1=" " ind2=" " tag="596"><subfield code="a">8</subfield></datafield><datafield ind1=" " ind2="0" tag="650"><subfield code="a">Teams in the workplace</subfield><subfield code="x">Training of.</subfield></datafield><datafield ind1=" " ind2="0" tag="650"><subfield code="a">Group relations training.</subfield></datafield><datafield ind1=" " ind2="0" tag="650"><subfield code="a">Communication in organizations</subfield><subfield code="v">Problems, exercises, etc.</subfield></datafield><datafield ind1=" " ind2="0" tag="650"><subfield code="a">Interpersonal communication</subfield><subfield code="v">Problems, exercises, etc.</subfield></datafield><datafield ind1=" " ind2="0" tag="650"><subfield code="a">Group games.</subfield></datafield><datafield ind1=" " ind2=" " tag="926"><subfield code="a">HD 66 M544 2015</subfield><subfield code="w">LC</subfield><subfield code="c">1</subfield><subfield code="i">34917001374847</subfield><subfield code="d">10/28/2016</subfield><subfield code="e">3/29/2016</subfield><subfield code="l">ON_SHELF</subfield><subfield code="m">KEYANO</subfield><subfield code="n">3</subfield><subfield code="p">$17.62</subfield><subfield code="q">2</subfield><subfield code="r">Y</subfield><subfield code="s">Y</subfield><subfield code="t">BOOK</subfield><subfield code="u">3/6/2015</subfield><subfield code="o">.STAFF. Rec'd Apr/15 MW</subfield></datafield></record>